@article{DBLP:journals/jnca/AlabaOHA17,
  author    = {Fadele Ayotunde Alaba and
               Mazliza Othman and
               Ibrahim Abaker Targio Hashem and
               Faiz Alotaibi},
  title     = {Internet of Things security: {A} survey},
  journal   = {J. Network and Computer Applications},
  volume    = {88},
  pages     = {10--28},
  year      = {2017},
  url       = {https://doi.org/10.1016/j.jnca.2017.04.002},
  doi       = {10.1016/j.jnca.2017.04.002},
  timestamp = {Tue, 13 Jun 2017 17:07:39 +0200},
  biburl    = {http://dblp.uni-trier.de/rec/bib/journals/jnca/AlabaOHA17},
  bibsource = {dblp computer science bibliography, http://dblp.org}
}

@book{giusto2010internet,
  title={The internet of things: 20th {Tyrrhenian} workshop on digital communications},
  author={Giusto, Daniel and Iera, Antonio and Morabito, Giacomo and Atzori, Luigi},
  year={2010},
  publisher={Springer Science \& Business Media}
}

@article{council2008six,
  title={Six technologies with potential impacts on us interests out to 2025},
  author={Council, N},
  journal={Disruptive Civil Technologies},
  year={2008}
}

@inproceedings{tan2010future,
  title={Future internet: The internet of things},
  author={Tan, Lu and Wang, Neng},
  booktitle={Advanced Computer Theory and Engineering ({ICACTE}), 2010 3rd International Conference on},
  volume={5},
  pages={V5--376},
  year={2010},
  organization={IEEE}
}

@article{vasseur2008ip,
  title={{IP} for smart objects},
  author={Vasseur, JP and Dunkels, A},
  journal={{IPSO Alliance}, White paper},
  volume={1},
  year={2008}
}

@article{culler20096lowpan,
  title={{6LoWPAN}: Incorporating {IEEE} 802.15.4 into the {IP} architecture},
  author={Culler, David and Chakrabarti, Samita},
  journal={{IPSO Alliance} White Paper},
  year={2009}
}

@electronic{Auto-ID_Labs_2017-06-26,
  title = {{Auto-ID} Labs},
  howpublished = {\url{https://autoidlabs.org/}}
}

@article{epcglobal2004radio,
  title={Radio-frequency identity protocols class-1 generation-2 {UHF} {RFID} protocol for communications at 860 {MHz}--960 {MHz} version 1.0. 9},
  author={K. Chiew et al., EPCglobal},
  journal={On False Authentications for {C1G2} Passive {RFID} Tags},
  volume={65},
  year={2004}
}

@proceedings{DBLP:conf/icse/2006,
  editor    = {Leon J. Osterweil and
               H. Dieter Rombach and
               Mary Lou Soffa},
  title     = {28th International Conference on Software Engineering {(ICSE} 2006),
               Shanghai, China, May 20-28, 2006},
  publisher = {{ACM}},
  year      = {2006},
  url       = {http://doi.acm.org/10.1145/1134285},
  doi       = {10.1145/1134285},
  isbn      = {1-59593-375-1},
  timestamp = {Tue, 08 Sep 2015 16:21:53 +0200},
  biburl    = {http://dblp.uni-trier.de/rec/bib/conf/icse/2006},
  bibsource = {dblp computer science bibliography, http://dblp.org}
}

@article{bassi2008internet,
  title={Internet of {T}hings in 2020: {A} Roadmap for the Future},
  author={Bassi, Alessandro and Horn, Geir},
  journal={European {C}ommission: Information Society and Media},
  volume={22},
  pages={97--114},
  year={2008}
}

@inproceedings{toma2009joint,
  title={A joint roadmap for semantic technologies and the {I}nternet of {T}hings},
  author={Toma, Ioan and Simperl, Elena and Hench, Graham},
  booktitle={Proceedings of the Third {STI} Roadmapping Workshop},
  volume={1},
  year={2009}
}

@inproceedings{DBLP:conf/icdcsw/LiuXC12,
  author    = {Jing Liu and
               Yang Xiao and
               C. L. Philip Chen},
  title     = {Authentication and Access Control in the Internet of Things},
  booktitle = {32nd International Conference on Distributed Computing Systems Workshops
               {(ICDCS} 2012 Workshops), Macau, China, June 18-21, 2012},
  pages     = {588--592},
  year      = {2012},
  url       = {https://doi.org/10.1109/ICDCSW.2012.23},
  doi       = {10.1109/ICDCSW.2012.23},
  timestamp = {Fri, 26 May 2017 00:48:50 +0200}
}

@article{o2003comparing,
  title={Comparing passwords, tokens, and biometrics for user authentication},
  author={O'Gorman, Lawrence},
  journal={Proceedings of the {IEEE}},
  volume={91},
  number={12},
  pages={2021--2040},
  year={2003},
  publisher={IEEE}
}

@article{DBLP:journals/tifs/FrankBMMS13,
  author    = {Mario Frank and
               Ralf Biedert and
               Eugene Ma and
               Ivan Martinovic and
               Dawn Song},
  title     = {Touchalytics: On the Applicability of Touchscreen Input as a Behavioral
               Biometric for Continuous Authentication},
  journal   = {{IEEE} Trans. Information Forensics and Security},
  volume    = {8},
  number    = {1},
  pages     = {136--148},
  year      = {2013},
  url       = {https://doi.org/10.1109/TIFS.2012.2225048},
  doi       = {10.1109/TIFS.2012.2225048},
  timestamp = {Sun, 28 May 2017 13:17:25 +0200},
  biburl    = {http://dblp.uni-trier.de/rec/bib/journals/tifs/FrankBMMS13},
  bibsource = {dblp computer science bibliography, http://dblp.org}
}

@article{valdivieso2014sdn,
	title={SDN: Evolution and opportunities in the development IoT applications},
	author={Valdivieso Caraguay, {\'A}ngel Leonardo and Benito Peral, Alberto and Barona L{\'o}pez, Lorena Isabel and Garc{\'\i}a Villalba, Luis Javier},
	journal={International Journal of Distributed Sensor Networks},
	volume={10},
	number={5},
	pages={735142},
	year={2014},
	publisher={SAGE Publications Sage UK: London, England}
}

@article{ramachandran2009securing,
	title={Securing enterprise networks using traffic tainting},
	author={Ramachandran, Anirudh and Mundada, Yogesh and Tariq, Mukarram Bin and Feamster, Nick},
	journal={Georgia Inst. Technol., Atlanta, GA, USA, Tech. Rep. GTCS-09-15},
	year={2009}
}

@inproceedings{chakrabarty2016secure,
	title={A secure IoT architecture for Smart Cities},
	author={Chakrabarty, Shaibal and Engels, Daniel W},
	booktitle={Consumer Communications \& Networking Conference (CCNC), 2016 13th IEEE Annual},
	pages={812--813},
	year={2016},
	organization={IEEE}
}

@article{moosavi2015sea,
	title={SEA: a secure and efficient authentication and authorization architecture for IoT-based healthcare using smart gateways},
	author={Moosavi, Sanaz Rahimi and Gia, Tuan Nguyen and Rahmani, Amir-Mohammad and Nigussie, Ethiopia and Virtanen, Seppo and Isoaho, Jouni and Tenhunen, Hannu},
	journal={Procedia Computer Science},
	volume={52},
	pages={452--459},
	year={2015},
	publisher={Elsevier}
}

@inproceedings{chakrabarty2015black,
	title={Black SDN for the Internet of Things},
	author={Chakrabarty, Shaibal and Engels, Daniel W and Thathapudi, Selina},
	booktitle={Mobile Ad Hoc and Sensor Systems (MASS), 2015 IEEE 12th International Conference on},
	pages={190--198},
	year={2015},
	organization={IEEE}
}

@inproceedings{malan2004codeblue,
	title={Codeblue: An ad hoc sensor network infrastructure for emergency medical care},
	author={Malan, David and Fulford-Jones, Thaddeus and Welsh, Matt and Moulton, Steve},
	booktitle={International workshop on wearable and implantable body sensor networks},
	volume={5},
	year={2004},
	organization={Boston, MA;}
}

@article{koblitz1987elliptic,
	title={Elliptic curve cryptosystems},
	author={Koblitz, Neal},
	journal={Mathematics of computation},
	volume={48},
	number={177},
	pages={203--209},
	year={1987}
}

@inproceedings{karlof2004tinysec,
	title={TinySec: a link layer security architecture for wireless sensor networks},
	author={Karlof, Chris and Sastry, Naveen and Wagner, David},
	booktitle={Proceedings of the 2nd international conference on Embedded networked sensor systems},
	pages={162--175},
	year={2004},
	organization={ACM}
}

@article{tiburski2015importance,
	title={The importance of a standard securit y archit ecture for SOA-based iot middleware},
	author={Tiburski, Ram{\~a}o Tiago and Amaral, Leonardo Albernaz and De Matos, Everton and Hessel, Fabiano},
	journal={IEEE Communications Magazine},
	volume={53},
	number={12},
	pages={20--26},
	year={2015},
	publisher={IEEE}
}

@article{turkanovic2014novel,
	title={A novel user authentication and key agreement scheme for heterogeneous ad hoc wireless sensor networks, based on the Internet of Things notion},
	author={Turkanovi{\'c}, Muhamed and Brumen, Bo{\v{s}}tjan and H{\"o}lbl, Marko},
	journal={Ad Hoc Networks},
	volume={20},
	pages={96--112},
	year={2014},
	publisher={Elsevier}
}